=LDR  04129 as a22009138a 4500
=001  012914637
=003  Uk
=005  20200304143623.0
=007  ta
=008  040511c20099999enkqr\p\\\\\\\0\\\a0eng\\
=FMT  \\$a  SE
=022  0\$a1742-6758$202
=040  \\$aUk$beng$cUk
=042  \\$axissnuk
=222  \0$aInternational journal of product sound quality$b(Print)
=245  00$aInternational journal of product sound quality (Print).
=260  \\$aOlney :$bInderscience
=263  \\$a200907
=310  \\$aQuarterly
=336  \\$atext$2rdacontent
=337  \\$aunmediated$2rdamedia
=338  \\$avolume$2rdacarrier
=540  \\$aCurrent copyright fee: GBP28.00$c48\0$5Uk
=776  0\$tInternational journal of product sound quality$c(Online)$x1742-6766
=856  \\$31850-9999$uhttp://www.inderscience.com/$xBLDSS
=945  \\$aInternational journal of product sound quality.
=979  \\$aBritish Library$bDSC$j4542.484900N
=985  \\$aISSN suppressed 04/03/20. Not published.
=985  \\$aPlease do not merge this record
=CAT  \\$a3072$b40$c20040511$lTMP01$h1400
=CAT  \\$aBATCH-CLA$b00$c20100224$lBLL01$h1205
=CAT  \\$aBATCH-UPD$b00$c20100331$lBLL01$h2332
=CAT  \\$aBATCH-UPD$b00$c20100401$lBLL01$h0251
=CAT  \\$aBATCH$b00$c20100401$lBLL01$h0554
=CAT  \\$aBATCH$b00$c20100401$lBLL01$h1627
=CAT  \\$aBATCH-CLA$b00$c20100602$lBLL01$h1404
=CAT  \\$aBATCH-UPD$b00$c20100630$lBLL01$h1933
=CAT  \\$aBATCH-UPD$b00$c20100630$lBLL01$h2001
=CAT  \\$aIPL-CLA$c20100630$lBLL01$h2029
=CAT  \\$aBATCH-CLA$b00$c20100831$lBLL01$h1530
=CAT  \\$aIPL-CLA$c20100930$lBLL01$h1526
=CAT  \\$aBATCH-CLA$b00$c20101115$lBLL01$h1604
=CAT  \\$aIPL-CLA$c20101231$lBLL01$h1512
=CAT  \\$aBATCH-CLA$b00$c20110228$lBLL01$h1533
=CAT  \\$a5552$b40$c20110314$lBLL01$h1138
=CAT  \\$aBATCH-UPD$b40$c20110518$lBLL01$h0953
=CAT  \\$aIPL-CLA$c20110630$lBLL01$h1543
=CAT  \\$aBATCH-CLA$b00$c20121109$lBLL01$h1731
=CAT  \\$aBLDSS-3PM$b00$c20141016$lBLL01$h1329
=CAT  \\$aBATCH-UPD$b00$c20160413$lBLL01$h1818
=CAT  \\$aBATCH-UPD$b00$c20160524$lBLL01$h2237
=CAT  \\$aBATCH-UPD$b00$c20160525$lBLL01$h0433
=CAT  \\$a5552$b40$c20170504$lBLL01$h1055
=CAT  \\$a5410$b40$c20170511$lBLL01$h1534
=CAT  \\$a10806$b40$c20200304$lBLL01$h1436
=CFI  0\$aCurrent copyright fee: GBP28.00$c48\0$e01-jul-2011$fGBP28.00$g0$hP$5Uk
=CFI  2\$aPrevious copyright fee: GBP20.00$c48\0$e14-mar-2011$fGBP20.00$g0$hP$5Uk
=FFP  \\$aY$bBLDSS-3PM
=STA  \\$aSUPPRESSED$bISSN
=TCO  \\$aCLA$bCLA$c008
=UNO  \\$aY
=ACF  \\$aCurrent Copyright Fee: GBP20.00$c0$e01-jan-2011$fGBP20.00$g0$hC$5Uk
=ACF  \\$aPrevious Copyright Fee: GBP20.00$c0$e01-oct-2010$fGBP20.00$g0$hC$5Uk
=ACF  \\$aPrevious Copyright Fee: GBP20.00$c0$e01-jul-2010$fGBP20.00$g0$hC$5Uk
=ACF  \\$aPrevious Copyright Fee: GBP20.00$c0$e01-apr-2010$fGBP20.00$g0$hC$5Uk
=ACF  \\$aPrevious Copyright Fee: GBP20.00$c0$e01-Jan-2010$fGBP20.00$g0$hC$5Uk
=ACF  \\$aPrevious Copyright Fee: GBP20.00$c0$e01-oct-2009$fGBP20.00$g0$hC$5Uk
=ACF  \\$aPrevious Copyright Fee: GBP20.00$c0$e01-jul-2009$fGBP20.00$g0$hC$5Uk
=ACF  \\$aPrevious Copyright Fee: GBP20.00$c0$e01-apr-2009$fGBP20.00$g0$hC$5Uk
=ACF  \\$aPrevious Copyright Fee: GBP20.00$c0$e01-jan-2009$fGBP20.00$g0$hC$5Uk
=ACF  \\$aBritish Library not licensed to copy$c0$e01-oct-2008$hC$iCLA Excluded$5Uk
=ACF  \\$aPrevious Copyright Fee: GBP20.00$c0$e01-jul-2008$fGBP20.00$g0$hC$5Uk
=ACF  \\$aPrevious Copyright Fee: GBP20.00$c0$e01-apr-2008$fGBP20.00$g0$hC$5Uk
=ACF  \\$aPrevious Copyright Fee: GBP20.00$c0$e01-jan-2008$fGBP20.00$g0$hC$5Uk
=ACF  \\$aPrevious Copyright Fee: GBP20.00$c0$e01-oct-2007$fGBP20.00$g0$hC$5Uk
=ACF  \\$aPrevious Copyright Fee: GBP20.00$c0$e01-jul-2007$fGBP20.00$g0$hC$5Uk
=ACF  \\$aPrevious Copyright Fee: GBP20.00$c0$e01-apr-2007$fGBP20.00$g0$hC$5Uk
=ACF  \\$aPrevious Copyright Fee: GBP20.00$c0$e01-jan-2007$fGBP20.00$g0$hC$5Uk
=LAS  \\$a10806$b40$c20200304$lBLL01$h1436

