=LDR  02309 as a22006138a 4500
=001  013418969
=003  Uk
=005  20200304135509.0
=007  ta
=008  060306c20079999enkqr\p\\\\\\\0\\\a0eng\\
=FMT  \\$a  SE
=022  0\$a1750-8142$202
=040  \\$aUk$beng$cUk
=042  \\$axissnuk
=210  0\$aInt. j. legal inf. des.$b(Print)
=222  \0$aInternational journal of legal information design$b(Print)
=245  00$aInternational journal of legal information design (Print)
=260  \\$aOlney :$bInderscience
=263  \\$a200904
=310  \\$aQuarterly
=336  \\$atext$2rdacontent
=337  \\$aunmediated$2rdamedia
=338  \\$avolume$2rdacarrier
=540  \\$aCurrent copyright fee: GBP28.00$c48\0$5Uk
=776  0\$tInternational journal of legal information design$c(Online)$x1750-8150
=856  \\$31850-9999$uhttp://www.inderscience.com/$xBLDSS
=945  \\$aInternational journal of legal information design.
=979  \\$aBritish Library$bDSC$j4542.315300N
=985  \\$aISSN suppressed 04/03/20. Not published.
=985  \\$aPlease do not merge this record
=CAT  \\$a6537$b40$c20060306$lBLL01$h1453
=CAT  \\$a6971$b40$c20071018$lBLL01$h1424
=CAT  \\$aBATCH-CLA$b00$c20101115$lBLL01$h1606
=CAT  \\$aIPL-CLA$c20101231$lBLL01$h1518
=CAT  \\$aBATCH-CLA$b00$c20110228$lBLL01$h1539
=CAT  \\$a5552$b40$c20110314$lBLL01$h1132
=CAT  \\$aBATCH-UPD$b40$c20110518$lBLL01$h0953
=CAT  \\$aIPL-CLA$c20110630$lBLL01$h1546
=CAT  \\$aBATCH-CLA$b00$c20121109$lBLL01$h1727
=CAT  \\$aBLDSS-3PM$b00$c20141016$lBLL01$h1329
=CAT  \\$aBATCH-UPD$b00$c20160413$lBLL01$h1820
=CAT  \\$aBATCH-UPD$b00$c20160524$lBLL01$h2240
=CAT  \\$aBATCH-UPD$b00$c20160525$lBLL01$h0447
=CAT  \\$a5552$b40$c20170505$lBLL01$h1113
=CAT  \\$a5410$b40$c20170510$lBLL01$h1312
=CAT  \\$a10806$b40$c20200304$lBLL01$h1355
=CFI  0\$aCurrent copyright fee: GBP28.00$c48\0$e01-jul-2011$fGBP28.00$g0$hP$5Uk
=CFI  2\$aPrevious copyright fee: GBP20.00$c48\0$e14-mar-2011$fGBP20.00$g0$hP$5Uk
=FFP  \\$aY$bBLDSS-3PM
=STA  \\$aSUPPRESSED$bISSN
=TCO  \\$aCLA$bCLA$c008
=UNO  \\$aY
=ACF  \\$aCurrent Copyright Fee: GBP20.00$c0$e01-jan-2011$fGBP20.00$g0$hC$5Uk
=LAS  \\$a10806$b40$c20200304$lBLL01$h1355

