=LDR  05414cas a2201201 a 4500
=001  005438408
=003  Uk
=005  20230207085102.0
=008  040409c19789999mducr\p\\\\\\\0\\\a0eng\\
=FMT  \\$a  SE
=010  \\$asn 79005272 
=019  c\$a2274517
=022  0\$a0149-9009$l0149-9009$21
=030  \\$aCDRAEW
=035  \\$a(OCoLC)3579147
=040  \\$aNSD$beng$cNSD$dNLM$dNSD$dOCLCQ$dLVB$dNSD$dOCLCQ$dDEBBG$dUk
=042  \\$ansdp$apcc
=060  00$aW1$bCO769MGH
=210  0\$aContemp. diagn. radiol.
=222  \0$aContemporary diagnostic radiology
=245  00$aContemporary diagnostic radiology.
=260  \\$aBaltimore, MD :$bWilliams & Wilkins
=300  \\$av. :$bill.
=310  \\$aBiweekly
=336  \\$atext$2rdacontent
=337  \\$aunmediated$2rdamedia
=338  \\$avolume$2rdacarrier
=362  1\$aBegan with: Vol. 1, no. 1, published 1978.
=500  \\$aLoose-leaf format.
=588  \\$aDescription based on: Vol. 8, no. 16, published 1985; title from caption.
=595  \\$aSEE CARD INDEX.
=540  \\$aCurrent copyright fee: GBP32.00$c20\0$5Uk
=650  \2$aDiagnosis$vPeriodicals.
=650  \2$aRadiology$vPeriodicals.
=650  \6$aDiagnostics$vPériodiques.
=650  \6$aRadiologie$vPériodiques.
=776  08$iOnline version:$tContemporary diagnostic radiology$x1938-1395
=780  00$tRadiologic science update
=856  \\$31850-9999$uhttp://journals.lww.com$xBLDSS
=945  \\$aContemporary diagnostic radiology.
=979  \\$aBritish Library$bDSC$j3425.178200$xDSC Not Selected
=A02  \\$a2274517
=CAT  \\$aCONV$b00$c20040502$lBLL01$h1101
=CAT  \\$aBATCH-UPD$b00$c20121121$lBLL01$h1614
=CAT  \\$aIPL-CLA$c20121231$lBLL01$h1236
=CAT  \\$aIPL-CLA$c20130102$lBLL01$h1630
=CAT  \\$aWR13.005$c20130329$lBLL01$h1206
=CAT  \\$aBATCH-UPD$b00$c20130522$lBLL01$h1717
=CAT  \\$aIPL-CLA$c20130630$lBLL01$h2157
=CAT  \\$aBATCH-UPD$b00$c20131119$lBLL01$h2003
=CAT  \\$aIPL-CLA$c20131231$lBLL01$h1605
=CAT  \\$aBATCH-UPD$b00$c20140527$lBLL01$h2030
=CAT  \\$aBATCH-CLA$c20140528$lBLL01$h1653
=CAT  \\$aIPL-CLA$c20140630$lBLL01$h1605
=CAT  \\$a8874$b40$c20140811$lBLL01$h1302
=CAT  \\$aBLDSS-3PM$b00$c20141116$lBLL01$h1729
=CAT  \\$aBATCH-UPD$b00$c20150219$lBLL01$h1724
=CAT  \\$aIPL-CLA$c20150331$lBLL01$h1516
=CAT  \\$aBATCH-UPD$b00$c20150520$lBLL01$h1734
=CAT  \\$aIPL-CLA$c20150630$lBLL01$h1602
=CAT  \\$aBATCH-UPD$b00$c20150820$lBLL01$h1820
=CAT  \\$aIPL-CLA$c20150930$lBLL01$h1647
=CAT  \\$aBATCH-UPD$b00$c20160217$lBLL01$h1707
=CAT  \\$aIPL-CLA$c20160331$lBLL01$h1600
=CAT  \\$aBATCH-UPD$b00$c20160413$lBLL01$h1759
=CAT  \\$aBATCH-UPD$b00$c20160524$lBLL01$h2150
=CAT  \\$aBATCH-UPD$b00$c20160524$lBLL01$h2201
=CAT  \\$aW1711-1225$c20171203$lBLL01$h1011
=CAT  \\$a12654$b40$c20230207$lBLL01$h0851
=CFI  0\$aCurrent copyright fee: GBP32.00$c20\0$e01-apr-2016$fGBP32.00$g0$hP$5Uk
=CFI  2\$aPrevious copyright fee: GBP30.32$c20\0$e01-oct-2015$fGBP30.32$g0$hP$5Uk
=FFP  \\$aY$bBLDSS-3PM
=FIN  \\$aY
=LEO  \\$aMP10.0000165693
=SRC  \\$aDSS01$bbibmp10.200404.2.aa
=STA  \\$aSUPPRESSED$bunable to determine reason for suppression
=TCO  \\$aTRS$bCCC$c008
=TOC  \\$aETOC
=UNO  \\$aY
=ACF  \\$aPrevious copyright fee: GBP21.65$c20\0$e01-jul-2011$fGBP21.65$g0$hP$5Uk
=ACF  \\$aPrevious copyright fee: GBP19.35$c20\0$e01-jul-2010$fGBP19.35$g0$hP$5Uk
=ACF  \\$aPrevious copyright fee: GBP18.18$c20\0$e01-oct-2009$fGBP18.18$g0$hP$5Uk
=ACF  \\$aPrevious copyright fee: GBP21.43$c20\0$e01-apr-2009$fGBP21.43$g0$hP$5Uk
=ACF  \\$aPrevious copyright fee: GBP18.75$c20\0$e01-jan-2009$fGBP18.75$g0$hP$5Uk
=ACF  \\$aPrevious copyright fee: GBP15.00$c20\0$e01-jul-2007$fGBP15.00$g0$hP$5Uk
=ACF  \\$aPrevious copyright fee: GBP15.38$c20\0$e01-apr-2007$fGBP15.38$g0$hP$5Uk
=ACF  \\$aPrevious copyright fee: GBP16.22$c20\0$e01-oct-2006$fGBP16.22$g0$hP$5Uk
=ACF  \\$aPrevious copyright fee: GBP17.14$c20\0$e01-apr-2006$fGBP17.14$g0$hP$5Uk
=ACF  \\$aPrevious copyright fee: GBP16.67$c20\0$e01-jan-2006$fGBP16.67$g0$hP$5Uk
=ACF  \\$aPrevious copyright fee: GBP16.22$c20\0$e01-apr-2005$fGBP16.22$g0$hP$5Uk
=ACF  \\$aPrevious copyright fee: GBP16.53$c20\0$e01-jan-2005$fGBP16.53$g0$hP$5Uk
=ACF  \\$aPrevious copyright fee: GBP16.08$c20\0$e01-apr-2004$fGBP16.08$g0$hP$5Uk
=ACF  \\$aCurrent copyright fee: GBP17.50$c20\0$e01-jan-2004$fGBP17.50$g0$hP$5Uk
=ACF  \\$aCurrent copyright fee: GBP15.63$c20\0$e01-jan-2003$fGBP15.63$g0$hP$5Uk
=ACF  \\$aPrevious copyright fee: GBP30.32$c20\0$e07-may-2012$fGBP30.32$g0$hP$5Uk
=ACF  \\$aPrevious copyright fee: GBP28.48$c20\0$e01-jul-2012$fGBP28.48$g0$hP$5Uk
=ACF  \\$aPrevious copyright fee: GBP29.38$c20\0$e01-jan-2013$fGBP29.38$g0$hP$5Uk
=ACF  \\$aPrevious copyright fee: GBP30.32$c20\0$e01-jul-2013$fGBP30.32$g0$hP$5Uk
=ACF  \\$aPrevious copyright fee: GBP29.38$c20\0$e01-jan-2014$fGBP29.38$g0$hP$5Uk
=ACF  \\$aPrevious copyright fee: GBP28.48$c20\0$e01-jul-2014$fGBP28.48$g0$hP$5Uk
=ACF  \\$aPrevious copyright fee: GBP30.32$c20\0$e01-apr-2015$fGBP30.32$g0$hP$5Uk
=ACF  \\$aPrevious copyright fee: GBP31.33$c20\0$e01-jul-2015$fGBP31.33$g0$hP$5Uk
=LAS  \\$a12654$b40$c20230207$lBLL01$h0851

