=LDR  01683cas a22004938i 4500
=001  019837630
=003  Uk
=005  20230426111131.0
=007  ta
=008  200710c20219999enkqr\p\\\\\\\0\\\a0eng\\
=FMT  \\$a  SE
=022  0\$a2634-4408$202
=040  \\$aUk$beng$cUk$erda
=222  \0$aPsychoradiology$b(Print)
=245  00$aPsychoradiology.
=263  \\$a202103
=264  \1$aOxford :$bOxford University Press
=310  \\$aQuarterly
=336  \\$atext$2rdacontent
=337  \\$aunmediated$2rdamedia
=338  \\$avolume$2rdacarrier
=540  \\$aCurrent Copyright Fee: zero$c29\0$5Uk
=856  \\$31850-9999$uhttp://www.oxfordjournals.org/$xBLDSS
=945  \\$aPsychoradiology
=979  \\$aBritish Library$bDSC$j6946.552620N
=985  \\$aNO FILE - WFH RECORD
=985  \\$aLDO SERIALS - PLEASE PASS ALL ITEMS RECEIVED TO ISSN UK CENTRE.
=985  \\$aPlease link to ISSN 2634-4416 (Online) on completion.
=985  \\$aISSN Suppressed 18.01.2023. Never published
=985  \\$aISSN record only. Please do not merge this record. Do not add items
=CAT  \\$a10973$b40$c20200710$lBLL01$h1500
=CAT  \\$a5552$b40$c20210215$lBLL01$h1424
=CAT  \\$aBLDSS-3PM$b00$c20210224$lBLL01$h1135
=CAT  \\$aBATCH-UPD$b00$c20210224$lBLL01$h1136
=CAT  \\$a10806$b40$c20210524$lBLL01$h1549
=CAT  \\$a5466D$b40$c20230118$lBLL01$h0954
=CAT  \\$aBATCH-SUPP$c20230426$lBLL01$h1111
=CFI  0\$aCurrent Copyright Fee: zero$c29\0$e15-feb-2021$fGBP0.00$g0$hP$5Uk
=FFP  \\$aY$bBLDSS-3PM
=LET  \0$aPsychoradiology (Print)
=STA  \\$aSUPPRESSED$bISSN
=TOC  \\$aETOC
=UNO  \\$aY
=LAS  \\$aBATCH-SUPP$b00$c20230426$lBLL01$h1111

