=LDR  01641 as a22004818i 4500
=001  017417039
=003  Uk
=005  20170925140855.0
=007  ta
=008  150629c20169999enkqr\p\\\\\\\0\\\a0eng\\
=FMT  \\$a  SE
=022  0\$a2059-4364$202
=040  \\$aUk$beng$cUk$erda
=042  \\$axissnuk
=222  \0$aGlobal media and China$b(Print)
=245  00$aGlobal media and China.
=263  \\$a201604
=264  \1$aLondon :$bSAGE Publications Ltd
=310  \\$aQuarterly
=336  \\$atext$2rdacontent
=337  \\$aunmediated$2rdamedia
=338  \\$avolume$2rdacarrier
=540  \\$aCurrent copyright fee: zero$c19\0$5Uk
=856  \\$31850-9999$uhttp://www.uk.sagepub.com/home.nav$xBLDSS
=945  \\$aGlobal media and China.
=979  \\$aBritish Library$bDSC$j4195.461740N
=985  \\$aISSN suppressed 25.09.2017. Not published.
=985  \\$aISSN record only. Do not merge. Do not add items.
=CAT  \\$a11313$b40$c20150629$lBLL01$h0842
=CAT  \\$aBATCH-CLA$b00$c20160229$lBLL01$h1614
=CAT  \\$aIPL-CLA$c20160331$lBLL01$h1820
=CAT  \\$a5552$b40$c20170519$lBLL01$h1350
=CAT  \\$aBLDSS-3PM$b00$c20170523$lBLL01$h1847
=CAT  \\$aBATCH-UPD$b00$c20170523$lBLL01$h1847
=CAT  \\$a11130$b40$c20170925$lBLL01$h1335
=CAT  \\$a11130$b40$c20170925$lBLL01$h1408
=CFI  0\$aCurrent copyright fee: zero$c19\0$e19-may-2017$fGBP0.00$g0$hP$5Uk
=CFI  2\$aPrevious Copyright Fee: GBP19.00$c0$e01-apr-2016$fGBP19.00$g0$hC$5Uk
=FFP  \\$aY$bBLDSS-3PM
=LET  \0$aGlobal media and China (Print)
=STA  \\$aSUPPRESSED$bISSN
=UNO  \\$aY
=LAS  \\$a11130$b40$c20170925$lBLL01$h1408

