=LDR  01835 as a22004458i 4500
=001  019014155
=003  Uk
=005  20210211125321.0
=006  m\\\\\\\\d\|||||||
=007  cr||||||||||||
=008  170803c20209999enk\x\p\\\\\\\0\\\a0eng\\
=FMT  \\$a  SE
=022  0\$a2524-4450$202
=040  \\$aUk$beng$cUk$erda
=042  \\$axissnuk
=222  \0$aSignals$b(Qualify)
=245  00$aSignals.
=263  \\$a202006
=264  \1$aLondon:$bBioMed Central
=336  \\$atext$2rdacontent
=337  \\$acomputer$2rdamedia
=338  \\$aonline resource$2rdacarrier
=856  \\$31850-9999$uhttp://link.springer.com/$xBLDSS
=985  \\$aUpgraded by BSS-generated file for WR1910-0531
=985  \\$aISSN UK Centre: ISSN assigned by IC, Springer project, and responsibility assigned to UK Centre.
=985  \\$aISSN UK Centre: BioMed Central did not publish any articles/launch this title. Querying with responsible Society as to whether this will launch at all and if so with which publisher (or self-published by Society). 9/2/21 DLW. || Email from Cytokine Society (9/2/21) - no plans to publish at present, requested ISSN suppressed. DLW.
=985  \\$aISSN suppressed 11.02.21. Not published.
=985  \\$aISSN record only. Do not merge. Do not add items.
=CAT  \\$a5552$b40$c20180810$lBLL01$h0830
=CAT  \\$aBLDSS-3PM$b00$c20180817$lBLL01$h0842
=CAT  \\$aBATCH-UPD$b00$c20180817$lBLL01$h0844
=CAT  \\$aW1910-0531$b00$c20191108$lBLL01$h1836
=CAT  \\$a10973$b40$c20200311$lBLL01$h1054
=CAT  \\$a10973$b40$c20200311$lBLL01$h1138
=CAT  \\$a10973$b40$c20210209$lBLL01$h1247
=CAT  \\$a11130$b40$c20210211$lBLL01$h1009
=CAT  \\$a10973$b40$c20210211$lBLL01$h1227
=CAT  \\$a5552$b40$c20210211$lBLL01$h1253
=STA  \\$aSUPPRESSED$bISSN
=LAS  \\$a5552$b40$c20210211$lBLL01$h1253

