=LDR  01895cas a22005298i 4500
=001  019064835
=003  Uk
=005  20230426111127.0
=007  ta
=008  180927c20199999enkqr\p\\\\\\\0\\\a0eng\\
=FMT  \\$a  SE
=022  0\$a2631-6765$202
=040  \\$aUk$beng$cUk$erda
=042  \\$axissnuk
=222  \0$aTransportation safety and environment$b(Print)
=245  00$aTransportation safety and environment.
=263  \\$a201908
=264  \1$aOxford :$bOxford University Press
=310  \\$aQuarterly
=336  \\$atext$2rdacontent
=337  \\$aunmediated$2rdamedia
=338  \\$avolume$2rdacarrier
=540  \\$aCurrent Copyright Fee: zero$c29\0$5Uk
=856  \\$31850-9999$uhttp://www.oxfordjournals.org/$xBLDSS
=945  \\$aTransportation safety and environment.
=979  \\$aBritish Library$bDSC$j9026.277000N
=985  \\$aISSN suppressed 25.04.2019. Not published.
=985  \\$aISSN unsuppressed 02.07.2019 Due to be published August 2019.
=985  \\$aISSN suppressed 01/12/20. Never published in print.
=985  \\$aPlease do not merge this record
=CAT  \\$a10973$b40$c20180927$lBLL01$h1431
=CAT  \\$aBATCH-CLA$b00$c20190228$lBLL01$h1622
=CAT  \\$aIPL-CLA$c20190331$lBLL01$h1733
=CAT  \\$a11130$b40$c20190425$lBLL01$h1046
=CAT  \\$a10806$b40$c20190702$lBLL01$h1126
=CAT  \\$a10806$b40$c20190909$lBLL01$h1538
=CAT  \\$a5552$b40$c20191115$lBLL01$h0928
=CAT  \\$aBLDSS-3PM$b00$c20191121$lBLL01$h1516
=CAT  \\$aBATCH-UPD$b00$c20191121$lBLL01$h1516
=CAT  \\$a10806$b40$c20201201$lBLL01$h0945
=CAT  \\$aBATCH-SUPP$c20230426$lBLL01$h1111
=CFI  0\$aCurrent Copyright Fee: zero$c29\0$e15-nov-2019$fGBP0.00$g0$hP$5Uk
=FFP  \\$aY$bBLDSS-3PM
=LET  \0$aTransportation safety and environment (Print)
=STA  \\$aSUPPRESSED$bISSN
=UNO  \\$aY
=LAS  \\$aBATCH-SUPP$b00$c20230426$lBLL01$h1111

