=LDR  01306cas a22003738i 4500
=001  019168184
=003  Uk
=005  20211117104649.0
=006  m\\\\\\\\d\|||||||
=007  cr\|||||||||||
=008  170803c20199999enk\x\p\\\\\\\0\\\a0eng\\
=FMT  \\$a  SE
=022  0\$a2524-4949$202
=040  \\$aUk$beng$cUk$erda
=042  \\$axissnuk
=222  \0$aBMC mechanical engineering
=245  00$aBMC mechanical engineering.
=263  \\$a201901
=264  \1$aLondon :$bBioMed Central
=336  \\$atext$2rdacontent
=337  \\$acomputer$2rdamedia
=338  \\$aonline resource$2rdacarrier
=856  \\$31850-9999$uhttp://link.springer.com/$xBLDSS
=985  \\$aUpgraded by BSS-generated file for WR1910-0531
=985  \\$aISSN UK Centre: ISSN SUPPRESSED. Not published. 17/11/2021.
=985  \\$aISSN UK Centre: ISSN assigned by IC. Confirmation resource closed without publishing any articles recieved from Springer 15/11/21.
=CAT  \\$a5552$b40$c20181207$lBLL01$h0921
=CAT  \\$aBLDSS-3PM$b00$c20181218$lBLL01$h1720
=CAT  \\$aBATCH-UPD$b00$c20181218$lBLL01$h1722
=CAT  \\$aW1910-0531$b00$c20191108$lBLL01$h1836
=CAT  \\$a10973$b40$c20211117$lBLL01$h0913
=CAT  \\$a5552$b40$c20211117$lBLL01$h1046
=STA  \\$aSUPPRESSED$bISSN
=LAS  \\$a5552$b40$c20211117$lBLL01$h1046

