=LDR  01974cas a22005418i 4500
=001  017621023
=003  Uk
=005  20221231233608.0
=006  m\\\\\\\\d\|\\\\\\
=007  cr||||||||||||
=008  151119c20179999enkmr\\\o\\\\\0\\\a0eng\\
=FMT  \\$a  SE
=022  0\$a2397-1630$202
=040  \\$aUk$beng$cUk$erda
=042  \\$axissnuk
=222  \0$anpj diabetes and obesity
=245  00$anpj diabetes and obesity.
=246  3\$aNature Partner Journals diabetes and obesity
=263  \\$a201701
=264  \1$aLondon :$bNature Publishing Group UK
=310  \\$aMonthly
=336  \\$atext$2rdacontent
=337  \\$acomputer$2rdamedia
=338  \\$aonline resource$2rdacarrier
=540  \\$aCurrent copyright fee: GBP34.95$c16\0$5Uk
=856  \\$31850-9999$uhttp://www.nature.com/$xBLDSS
=985  \\$aISSN suppressed 04.03.2021. Not published.
=985  \\$aISSN record only. Do not merge. Do not add items.
=985  \\$aISSN UK Centre note: C/T from ISSN 2044-4052 - please add 78X and LKR fields when completing.
=CAT  \\$a11313$b40$c20151119$lBLL01$h1414
=CAT  \\$a10973$b40$c20160121$lBLL01$h1613
=CAT  \\$a11205$b40$c20161103$lBLL01$h1604
=CAT  \\$a5552$b40$c20161107$lBLL01$h1229
=CAT  \\$aBLDSS-3PM$b00$c20161115$lBLL01$h1529
=CAT  \\$aBATCH-UPD$b00$c20161115$lBLL01$h1531
=CAT  \\$a11130$b40$c20210304$lBLL01$h0857
=CAT  \\$a5552$b40$c20210304$lBLL01$h1251
=CAT  \\$a12654$b40$c20210315$lBLL01$h0909
=CAT  \\$aBATCH-UNOA$c20210316$lBLL01$h2107
=CAT  \\$aBATCH-UPD$b00$c20221121$lBLL01$h1332
=CAT  \\$aIPL-CLA$c20221231$lBLL01$h2336
=CFI  0\$aCurrent copyright fee: GBP34.95$c16\0$e01-jan-2023$fGBP34.95$g0$hP$5Uk
=CFI  2\$aPrevious copyright fee: GBP24.00$c16\0$e15-mar-2021$fGBP24.00$g0$hP$5Uk
=FFP  \\$aY$bBLDSS-3PM
=LET  \0$anpj diabetes and obesity (Electronic)
=STA  \\$aSUPPRESSED$bISSN
=UNO  \\$aY
=LAS  \\$aIPL-CLA$b00$c20221231$lBLL01$h2336

