=LDR  01365 as a22004338i 4500
=001  017672278
=003  Uk
=005  20170814154057.0
=006  m\\\\\\\\d\|\\\\\\
=007  cr||||||||||||
=008  151218c20169999enkmr\p\o\\\\\0\\\a0eng\\
=FMT  \\$a  SE
=022  0\$a2397-463X$202
=040  \\$aUk$beng$cUk$erda
=042  \\$axissnuk
=222  \0$anpj depression
=245  00$anpj depression.
=263  \\$a201610
=264  \1$aLondon :$bNature Publishing Group
=310  \\$aMonthly
=336  \\$atext$2rdacontent
=337  \\$acomputer$2rdamedia
=338  \\$aonline resource$2rdacarrier
=540  \\$aCurrent copyright fee: zero$c16\0$5Uk
=856  \\$31850-9999$uhttp://www.nature.com/$xBLDSS
=945  \\$anpj depression.
=979  \\$aBritish Library$bDSC$j6180.501510N
=985  \\$aISSN suppressed 14.08.2017. Not published.
=985  \\$aISSN record only. Do not merge. Do not add items.
=CAT  \\$a11315$b40$c20151218$lBLL01$h1428
=CAT  \\$a5552$b40$c20161107$lBLL01$h1229
=CAT  \\$aBLDSS-3PM$b00$c20161115$lBLL01$h1529
=CAT  \\$aBATCH-UPD$b00$c20161115$lBLL01$h1531
=CAT  \\$a11130$b40$c20170814$lBLL01$h1540
=CFI  0\$aCurrent copyright fee: zero$c16\0$e07-nov-2016$fGBP0.00$g0$hP$5Uk
=FFP  \\$aY$bBLDSS-3PM
=STA  \\$aSUPPRESSED$bISSN
=UNO  \\$aY
=LAS  \\$a11130$b40$c20170814$lBLL01$h1540

