=LDR  01532cas a22004458i 4500
=001  017987473
=003  Uk
=005  20211130144203.0
=007  ta
=008  160825c20169999enkfr\p\\\\\\\0\\\a0eng\\
=FMT  \\$a  SE
=022  0\$a2398-9459$202
=040  \\$aUk$beng$cUk$erda
=042  \\$axissnuk
=222  \0$aBMJ open sport & exercise medicine$b(Print)
=245  00$aBMJ open sport & exercise medicine.
=246  3\$aBritish medical journal open sport and exercise medicine
=263  \\$a201609
=264  \1$aLondon :$bBMJ Publishing Group Ltd
=310  \\$aSemiannual
=336  \\$atext$2rdacontent
=337  \\$aunmediated$2rdamedia
=338  \\$avolume$2rdacarrier
=856  \\$31850-9999$uhttp://www.bmj.com/archive$xBLDSS
=945  \\$aBMJ open sport and exercise medicine.
=985  \\$aISSN suppressed 22.03.2021. Not published.
=985  \\$aISSN record only. Do not merge. Do not add items.
=CAT  \\$a11313$b40$c20160825$lBLL01$h1014
=CAT  \\$a11313$b40$c20160825$lBLL01$h1015
=CAT  \\$a5552$b40$c20161207$lBLL01$h1224
=CAT  \\$aBLDSS-3PM$b00$c20161215$lBLL01$h1024
=CAT  \\$aBATCH-UPD$b00$c20161215$lBLL01$h1025
=CAT  \\$a5552$b40$c20171219$lBLL01$h1440
=CAT  \\$a11130$b40$c20210322$lBLL01$h1114
=CAT  \\$a5552$b40$c20210323$lBLL01$h0643
=CAT  \\$a5552$b40$c20210323$lBLL01$h0647
=CAT  \\$a8055$b40$c20211130$lBLL01$h1442
=LET  \0$aBMJ open sport & exercise medicine (Print)
=STA  \\$aSUPPRESSED$bISSN
=LAS  \\$a8055$b40$c20211130$lBLL01$h1442

