=LDR  02097cas a22005778i 4500
=001  018069811
=003  Uk
=005  20230210011331.0
=007  ta
=008  161019c20169999enkar\p\\\\\\\0\\\a0eng\\
=FMT  \\$a  SE
=022  0\$a2399-4983$202
=040  \\$aUk$beng$cUk$erda
=042  \\$axissnuk
=222  \0$aRMD open$b(Print)
=245  00$aRMD open.
=246  3\$aRheumatic and musculoskeletal diseases open
=263  \\$a201611
=264  \1$aLondon :$bBMJ
=310  \\$aAnnual
=336  \\$atext$2rdacontent
=337  \\$aunmediated$2rdamedia
=338  \\$avolume$2rdacarrier
=540  \\$aCurrent Copyright Fee: GBP46.00$c0$5Uk
=856  \\$31850-9999$uhttp://www.bmj.com/archive$xBLDSS
=945  \\$aRMD open.
=979  \\$aBritish Library$bDSC$j7993.954800N
=985  \\$aISSN suppressed 22.03.2021. Not published.
=985  \\$aISSN record only. Do not merge. Do not add items.
=CAT  \\$a11205$b40$c20161019$lBLL01$h1045
=CAT  \\$a5552$b40$c20170223$lBLL01$h0825
=CAT  \\$aBLDSS-3PM$b00$c20170227$lBLL01$h1453
=CAT  \\$aBATCH-UPD$b00$c20170227$lBLL01$h1454
=CAT  \\$a10973$b40$c20170303$lBLL01$h1124
=CAT  \\$a11130$b40$c20210322$lBLL01$h1121
=CAT  \\$a5552$b40$c20210323$lBLL01$h0647
=CAT  \\$aBATCH-CLA$b00$c20210528$lBLL01$h1524
=CAT  \\$aIPL-CLA$c20210704$lBLL01$h1127
=CAT  \\$aBATCH-CLA$b00$c20211203$lBLL01$h0813
=CAT  \\$aIPL-CLA$c20211231$lBLL01$h1736
=CAT  \\$aBATCH-CLA$b00$c20221130$lBLL01$h1432
=CAT  \\$aIPL-CLA$c20221231$lBLL01$h2339
=CAT  \\$aBATCH-CLA$b00$c20230209$lBLL01$h1519
=CAT  \\$aIPL-CLA$c20230210$lBLL01$h0113
=CFI  0\$aCurrent Copyright Fee: GBP46.00$c0$e09-feb-2023$fGBP46.00$g0$hC$5Uk
=CFI  2\$aBritish Library not licensed to copy$c0$e01-jan-2023$hC$iCFP Excluded$5Uk
=LET  \0$aRMD open (Print)
=STA  \\$aSUPPRESSED$bISSN
=ACF  \\$aPrevious Copyright Fee: GBP38.50$c0$e01-jul-2021$fGBP38.50$g0$hC$5Uk
=ACF  \\$aPrevious Copyright Fee: GBP41.00$c0$e01-jan-2022$fGBP41.00$g0$hC$5Uk
=LAS  \\$aIPL-CLA$b00$c20230210$lBLL01$h0113

