=LDR  01645cas a22004818i 4500
=001  018077683
=003  Uk
=005  20230706090154.0
=007  ta
=008  161027c20209999enkbr\p\\\\\\\0\\\a0eng\\
=FMT  \\$a  SE
=022  0\$a2399-5262$202
=040  \\$aUk$beng$cUk$erda
=042  \\$axissnuk
=222  \0$aFuture rare diseases$b(Print)
=245  00$aFuture rare diseases.
=263  \\$a202001
=264  \1$aLondon :$bFuture Medicine Ltd
=310  \\$aBimonthly
=336  \\$atext$2rdacontent
=337  \\$aunmediated$2rdamedia
=338  \\$avolume$2rdacarrier
=540  \\$aCurrent copyright fee: zero$c37\0$5Uk
=856  \\$31850-9999$uhttp://www.futuremedicine.com/$xBLDSS
=945  \\$aFuture rare diseases
=979  \\$aBritish Library$bDSC$j4060.612500N
=985  \\$aPlease link to online version ISSN 2399-5270 on completion.
=985  \\$aISSN suppressed, July 6 2023, publisher confirmed title will never be published in print.
=CAT  \\$a11205$b40$c20161027$lBLL01$h1203
=CAT  \\$a11130$b40$c20180209$lBLL01$h0831
=CAT  \\$a11130$b40$c20190520$lBLL01$h1120
=CAT  \\$a5552$b40$c20201110$lBLL01$h1443
=CAT  \\$aBLDSS-3PM$b00$c20201118$lBLL01$h1241
=CAT  \\$aBATCH-UPD$b00$c20201118$lBLL01$h1241
=CAT  \\$a10806$b40$c20210311$lBLL01$h1010
=CAT  \\$a11313$b40$c20230706$lBLL01$h0900
=CAT  \\$a11313$b40$c20230706$lBLL01$h0901
=CFI  0\$aCurrent copyright fee: zero$c37\0$e10-nov-2020$fGBP0.00$g0$hP$5Uk
=FFP  \\$aY$bBLDSS-3PM
=LET  \0$aFuture rare diseases (Print)
=STA  \\$aSUPPRESSED$bISSN
=UNO  \\$aY
=LAS  \\$a11313$b40$c20230706$lBLL01$h0901

