=LDR  01687 as a22004818i 4500
=001  018310036
=003  Uk
=005  20190208135707.0
=007  ta
=008  170421c20189999stkfr\p\\\\\\\0\\\a0eng\\
=FMT  \\$a  SE
=022  0\$a2514-8230$202
=040  \\$aUk$beng$cUk$erda
=042  \\$axissnuk
=222  \0$aNineteenth-century popular fiction$b(Print)
=245  00$aNineteenth-century popular fiction.
=263  \\$a201804
=264  \1$aEdinburgh :$bEdinburgh University Press
=310  \\$aSemiannual
=336  \\$atext$2rdacontent
=337  \\$aunmediated$2rdamedia
=338  \\$avolume$2rdacarrier
=540  \\$aCurrent copyright fee: GBP15.00$c121\0$5Uk
=776  08$iAlso issued online as:$tNineteenth-century popular fiction$x2514-8249
=856  \\$31850-9999$uhttp://www.euppublishing.com/journals$xBLDSS
=945  \\$aNineteenth century popular fiction.
=979  \\$aBritish Library$bDSC$j6113.231100N
=985  \\$aISSN suppressed 08.02.2019. Not published.
=985  \\$aISSN record only. Do not merge. Do not add items.
=CAT  \\$a10973$b40$c20170421$lBLL01$h1444
=CAT  \\$aBATCH-CLA$b00$c20180228$lBLL01$h1647
=CAT  \\$a5552$b40$c20180322$lBLL01$h1540
=CAT  \\$aBLDSS-3PM$b00$c20180329$lBLL01$h1322
=CAT  \\$aBATCH-UPD$b00$c20180329$lBLL01$h1323
=CAT  \\$a11130$b40$c20190208$lBLL01$h1346
=CAT  \\$a11130$b40$c20190208$lBLL01$h1357
=CFI  0\$aCurrent copyright fee: GBP15.00$c121\0$e22-mar-2018$fGBP15.00$g0$hP$5Uk
=FFP  \\$aY$bBLDSS-3PM
=LET  \0$aNineteenth-century popular fiction (Print)
=STA  \\$aSUPPRESSED$bISSN
=TOC  \\$aETOC
=UNO  \\$aY
=LAS  \\$a11130$b40$c20190208$lBLL01$h1357

