=LDR  01921 as a22004938i 4500
=001  018465035
=003  Uk
=005  20200521161322.0
=006  m\\\\\\\\d\|\\\\\\
=007  cr||||||||||||
=008  170810c20189999enkqr\p\o\\\\\0\\\a0eng\\
=FMT  \\$a  SE
=022  0\$a2515-5601$202
=040  \\$aUk$beng$cUk$erda
=042  \\$axissnuk
=222  \0$aInternational journal of nuclear exergy$b(Online)
=245  00$aInternational journal of nuclear exergy.
=263  \\$a201812
=264  \1$aOlney :$bInderscience Publishers
=310  \\$aQuarterly
=336  \\$atext$2rdacontent
=337  \\$acomputer$2rdamedia
=338  \\$aonline resource$2rdacarrier
=540  \\$aCurrent copyright fee: GBP28.00$c48\0$5Uk
=776  08$iAlso issued in print as:$tInternational journal of nuclear exergy$x2515-5598
=856  \\$31850-9999$uhttp://www.inderscience.com/$xBLDSS
=945  \\$aInternational journal of nuclear exergy.
=979  \\$aBritish Library$bDSC$j4542.399710N
=985  \\$aISSN Centre note: Merger of: International journal of nuclear desalination ISSN 1741-9204, and: International journal of nuclear hydrogen production and applications ISSN 1743-4947. Please add 78X field and LKR on completion.
=985  \\$aISSN suppressed 21.5.20.Never published.
=985  \\$aPlease do not merge this record.
=CAT  \\$a11205$b40$c20170810$lBLL01$h1700
=CAT  \\$a11205$b40$c20170810$lBLL01$h1703
=CAT  \\$a5552$b40$c20180327$lBLL01$h1226
=CAT  \\$aBLDSS-3PM$b00$c20180403$lBLL01$h1659
=CAT  \\$aBATCH-UPD$b00$c20180403$lBLL01$h1701
=CAT  \\$a10973$b40$c20200521$lBLL01$h1613
=CFI  0\$aCurrent copyright fee: GBP28.00$c48\0$e27-mar-2018$fGBP28.00$g0$hP$5Uk
=FFP  \\$aY$bBLDSS-3PM
=LET  \0$aInternational journal of nuclear exergy (Electronic)
=STA  \\$aSUPPRESSED$bISSN
=TOC  \\$aETOC
=UNO  \\$aY
=LAS  \\$a10973$b40$c20200521$lBLL01$h1613

