=LDR  02066cas a22005538i 4500
=001  016642049
=003  Uk
=005  20230511163100.0
=007  ta
=008  140304c20159999enkqr\p\\\\\\\0\\\a0eng\\
=FMT  \\$a  SE
=022  0\$a2055-074X$202
=040  \\$aUk$beng$cUk$erda
=042  \\$axissnuk
=222  \0$aCatalysis, structure & reactivity$b(Print)
=245  00$aCatalysis, structure & reactivity.
=264  \1$aLeeds :$bManey Publishing
=310  \\$aQuarterly
=336  \\$atext$2rdacontent
=337  \\$aunmediated$2rdamedia
=338  \\$avolume$2rdacarrier
=540  \\$aCurrent copyright fee: zero$c2\0$5Uk
=856  \\$31850-9999$uhttp://www.tandfonline.com/$xBLDSS
=945  \\$aCatalysis structure and reactivity.
=979  \\$aBritish Library$bDSC$j3090.943150N
=985  \\$aISSN suppressed 14.11.2016. Never published in print, online only by Taylor & Francis
=985  \\$aPlease do not merge this record
=CAT  \\$a10973$b40$c20140304$lBLL01$h1448
=CAT  \\$aBATCH-CLA$b00$c20141128$lBLL01$h0929
=CAT  \\$aIPL-CLA$c20141231$lBLL01$h1704
=CAT  \\$a8323$b40$c20150210$lBLL01$h0910
=CAT  \\$aBATCH-CLA$b00$c20151127$lBLL01$h1630
=CAT  \\$aIPL-CLA$c20151231$lBLL01$h1935
=CAT  \\$a5552$b40$c20160304$lBLL01$h0912
=CAT  \\$aBLDSS-3PM$b00$c20160308$lBLL01$h0937
=CAT  \\$aBATCH-UPD$b00$c20160413$lBLL01$h1827
=CAT  \\$a10806$b40$c20161114$lBLL01$h1014
=CAT  \\$a10806$b40$c20161114$lBLL01$h1017
=CAT  \\$a10806$b40$c20161114$lBLL01$h1018
=CAT  \\$a5552$b40$c20161216$lBLL01$h1100
=CAT  \\$aBATCH-FIX$c20230511$lBLL01$h1631
=CFI  0\$aCurrent copyright fee: zero$c2\0$e04-mar-2016$fGBP0.00$g0$hP$5Uk
=CFI  2\$aBritish Library not licensed to copy$c0$e01-jan-2016$hC$iCFP Excluded$5Uk
=FFP  \\$aY$bBLDSS-3PM
=LET  \0$aCatalysis, structure and reactivity (Print)
=STA  \\$aSUPPRESSED$bISSN
=TOC  \\$aETOC
=ACF  \\$aPrevious Copyright Fee: GBP22.00$c0$e01-jan-2015$fGBP22.00$g0$hC$5Uk
=LAS  \\$aBATCH-FIX$b00$c20230511$lBLL01$h1631

