=LDR  01681 as a22004938i 4500
=001  017373574
=003  Uk
=005  20190621085228.0
=006  m\\\\\\\\d\|\\\\\\
=007  cr||||||||||||
=008  150527c20169999enkwr\p\o\\\\\0\\\a0eng\\
=FMT  \\$a  SE
=022  0\$a2059-318X$202
=040  \\$aUk$beng$cUk$erda
=042  \\$axissnuk
=222  \0$anpj pollution control
=245  00$anpj pollution control.
=246  3\$aNature Partner Journals pollution control
=263  \\$a201604
=264  \1$aBasingstoke :$bNature Publishing Group
=300  \\$a1 online resource
=310  \\$aWeekly
=336  \\$atext$2rdacontent
=337  \\$acomputer$2rdamedia
=338  \\$aonline resource$2rdacarrier
=540  \\$aCurrent copyright fee: zero$c16\0$5Uk
=856  \\$31850-9999$uhttp://www.nature.com/$xBLDSS
=945  \\$anpj pollution control.
=979  \\$aBritish Library$bDSC$j6180.501940N
=985  \\$aThe partner for this title is Tongji University, Shanghai, China.
=985  \\$aISSN suppressed 04.06.2019. Never published.
=985  \\$aISSN record only. Please do not merge this record. Do not add items.
=CAT  \\$a11313$b40$c20150527$lBLL01$h0728
=CAT  \\$a5552$b40$c20161107$lBLL01$h1339
=CAT  \\$aBLDSS-3PM$b00$c20161115$lBLL01$h1529
=CAT  \\$aBATCH-UPD$b00$c20161115$lBLL01$h1531
=CAT  \\$a5466$b40$c20190604$lBLL01$h0939
=CAT  \\$a5466$b40$c20190604$lBLL01$h0940
=CAT  \\$a11130$b40$c20190621$lBLL01$h0852
=CFI  0\$aCurrent copyright fee: zero$c16\0$e07-nov-2016$fGBP0.00$g0$hP$5Uk
=FFP  \\$aY$bBLDSS-3PM
=STA  \\$aSUPPRESSED$bISSN
=UNO  \\$aY
=LAS  \\$a11130$b40$c20190621$lBLL01$h0852

