=LDR  01372 as a22004338i 4500
=001  017581376
=003  Uk
=005  20170912135301.0
=006  m\\\\\\\\d\|\\\\\\
=007  cr||||||||||||
=008  151015c20169999enkwr\p\o\\\\\0\\\a0eng\\
=FMT  \\$a  SE
=022  0\$a2396-9385$202
=040  \\$aUk$beng$cUk$erda
=042  \\$axissnuk
=222  \0$anpj tracking life
=245  00$anpj tracking life
=263  \\$a201607
=264  \1$aLondon :$bNature Publishing Group
=310  \\$aWeekly
=336  \\$atext$2rdacontent
=337  \\$acomputer$2rdamedia
=338  \\$aonline resource$2rdacarrier
=540  \\$aCurrent copyright fee: zero$c16\0$5Uk
=856  \\$31850-9999$uhttp://www.nature.com/$xBLDSS
=945  \\$anpj tracking life.
=979  \\$aBritish Library$bDSC$j6180.502450N
=985  \\$aISSN suppressed 12.09.2017. Not published.
=985  \\$aISSN record only. Do not merge. Do not add items.
=CAT  \\$a11315$b40$c20151015$lBLL01$h1109
=CAT  \\$a5552$b40$c20161107$lBLL01$h1405
=CAT  \\$aBLDSS-3PM$b00$c20161115$lBLL01$h1529
=CAT  \\$aBATCH-UPD$b00$c20161115$lBLL01$h1531
=CAT  \\$a11130$b40$c20170912$lBLL01$h1353
=CFI  0\$aCurrent copyright fee: zero$c16\0$e07-nov-2016$fGBP0.00$g0$hP$5Uk
=FFP  \\$aY$bBLDSS-3PM
=STA  \\$aSUPPRESSED$bISSN
=UNO  \\$aY
=LAS  \\$a11130$b40$c20170912$lBLL01$h1353

