=LDR  02092cas a22005297a 4500
=001  015626189
=003  Uk
=005  20230511163012.0
=008  100812c\\\\9999\\\\\\p\\\\\\\0\\\a0eng\\
=FMT  \\$a  SE
=022  \\$a1867-1381
=040  \\$aUk$beng$cUk
=245  00$aAtmospheric Measurement Techniques.
=246  13$aAMT
=260  \\$aKatlenburg-Lindau :$bCopernicus Publications,$c2008-.
=336  \\$atext$2rdacontent
=337  \\$aunmediated$2rdamedia
=338  \\$avolume$2rdacarrier
=500  \\$aAlso available in Electronic Format: Route ALL FAILED DSC requests to Records Team
=540  \\$aCurrent Copyright Fee: zero$c72\0$5Uk
=856  \\$31850-9999$uhttps://doaj.org/$xBLDSS
=945  \\$aAtmospheric Measurement Techniques
=979  \\$aBritish Library$bDSC$j1767.123000N
=CAT  \\$a11450$b40$c20100812$lBLL01$h1408
=CAT  \\$aBATCH-UPD$b40$c20101124$lBLL01$h1955
=CAT  \\$aBATCH-UPD$b40$c20101125$lBLL01$h1220
=CAT  \\$aIPL-CLA$c20101231$lBLL01$h1529
=CAT  \\$aWR11_203$c20111204$lBLL01$h1516
=CAT  \\$aIPL-CLA$c20111230$lBLL01$h2036
=CAT  \\$aBATCH-CLA$b00$c20121109$lBLL01$h1720
=CAT  \\$aBATCH-CLA$c20131220$lBLL01$h2109
=CAT  \\$aIPL-CLA$c20140101$lBLL01$h0134
=CAT  \\$a5552$b40$c20160316$lBLL01$h0832
=CAT  \\$aBLDSS-3PM$b00$c20160322$lBLL01$h1621
=CAT  \\$aBATCH-UPD$b00$c20160413$lBLL01$h1825
=CAT  \\$aW1711-1225$c20171203$lBLL01$h1039
=CAT  \\$aBATCH-FIX$c20230511$lBLL01$h1630
=CFI  0\$aCurrent copyright fee: zero$c72\0$e16-mar-2016$fGBP0.00$g0$hP$5Uk
=CFI  2\$aPrevious Copyright Fee: GBP12.30$c0$e01-jan-2014$fGBP12.30$g0$hA$5Uk
=FFP  \\$aY$bBLDSS-3PM
=STA  \\$aSUPPRESSED$bunable to determine reason for suppression
=TCO  \\$aZZZ$c008
=TOC  \\$aETOC
=ACF  \\$aPrevious copyright fee: GBP12.00$c0$e01-jan-2012$fGBP12.00$g0$hA$5Uk
=ACF  \\$aPrevious copyright fee: GBP9.00$c0$e12-aug-2010$fGBP9.00$g0$hA$5Uk
=ACF  \\$aPrevious copyright fee: GBP10.50$c0$e01-jan-2011$fGBP10.50$g0$hA$5Uk
=LAS  \\$aBATCH-FIX$b00$c20230511$lBLL01$h1630

