=LDR  01542 as a2200409za 4500
=001  016549467
=003  Uk
=005  20210301074501.0
=006  m\\\\||\\d\|\\\\\\
=007  cr\|||||||||||
=008  081219c\\\\9999enkqr\p\o\\\\\0\\\a0eng\\
=FMT  \\$a  SE
=040  \\$aUk$beng$cUk
=245  00$aRSC journals archive lease 1841-2007$h[electronic resource]
=336  \\$atext$2rdacontent
=337  \\$acomputer$2rdamedia
=338  \\$aonline resource$2rdacarrier
=500  \\$aElectronic Format: Route ALL FAILED DSC requests to Records Team
=506  \\$aAvailable only to Remote Supply Service
=856  \\$31850-9999$uhttp://www.rsc.org/$xBLDSS
=945  \\$a(Online)
=979  \\$aBritish Library$bDSC
=985  \\$aRecord created for the Remote Supply Service to enable document supply from content licenced for copyright fee paid requests only. This content is not ingested by the BL.
=CAT  \\$a12654$b40$c20131121$lBLL01$h1546
=CAT  \\$a12654$b40$c20131121$lBLL01$h1604
=CAT  \\$a5552$b40$c20140902$lBLL01$h1050
=CAT  \\$aBLDSS-3PM$b00$c20150111$lBLL01$h1526
=CAT  \\$a12654$b40$c20151216$lBLL01$h0820
=CAT  \\$aBATCH-UPD$b40$c20160413$lBLL01$h1827
=CAT  \\$aBATCH-UPD$b40$c20160524$lBLL01$h2159
=CAT  \\$aBATCH-UPD$b40$c20160524$lBLL01$h2306
=CAT  \\$a5552$b40$c20170223$lBLL01$h0804
=CAT  \\$a5552$b40$c20210212$lBLL01$h1116
=CAT  \\$a5552$b40$c20210301$lBLL01$h0745
=STA  \\$aSUPPRESSED$bLibrary use only
=UNO  \\$aY
=LAS  \\$a5552$b40$c20210301$lBLL01$h0745

