=LDR  03940cas a22009018a 4500
=001  013819091
=003  Uk
=005  20220930160024.0
=007  ta
=008  070815c20089999enkmr\p\\\\\\\0\\\a0eng\\
=FMT  \\$a  SE
=022  0\$a1755-6783$202
=040  \\$aUk$beng$cUk$erda
=042  \\$axissnuk
=082  04$a616.998$221
=222  \0$aAnnals of tropical medicine & public health
=245  00$aAnnals of tropical medicine & public health.
=246  3\$aAnnals of tropical medicine and public health
=260  \\$aHayes :$bAfrica Health Research Organization
=263  \\$a200803
=310  \\$aMonthly
=336  \\$atext$2rdacontent
=337  \\$aunmediated$2rdamedia
=338  \\$avolume$2rdacarrier
=540  \\$aCurrent copyright fee: GBP16.67$c111\0$5Uk
=856  \\$31850-9999$uhttp://www.medknow.com/$xBLDSS
=945  \\$aAnnals of tropical medicine and public health.
=979  \\$aBritish Library$bDSC$j1045.050000N
=985  \\$aISSN suppressed. No copy available.
=985  \\$aISSN record only. Do not merge. Do not add items.
=CAT  \\$a11316$b40$c20070815$lBLL01$h0842
=CAT  \\$a5552$b40$c20161024$lBLL01$h0927
=CAT  \\$aBATCH-UPD$b40$c20170216$lBLL01$h1750
=CAT  \\$aIPL-CLA$c20170331$lBLL01$h1853
=CAT  \\$aBATCH-UPD$b00$c20170904$lBLL01$h1749
=CAT  \\$aIPL-CLA$c20170929$lBLL01$h1738
=CAT  \\$aBATCH-UPD$b00$c20180223$lBLL01$h1557
=CAT  \\$aIPL-CLA$c20180331$lBLL01$h1630
=CAT  \\$aBATCH-UPD$b00$c20180823$lBLL01$h1910
=CAT  \\$aIPL-CLA$c20180930$lBLL01$h1506
=CAT  \\$a5410$b40$c20190813$lBLL01$h1545
=CAT  \\$aBATCH-UPD$b40$c20190829$lBLL01$h1450
=CAT  \\$aIPL-CLA$c20190930$lBLL01$h1642
=CAT  \\$aBATCH-UPD$b00$c20200219$lBLL01$h1438
=CAT  \\$aIPL-CLA$c20200331$lBLL01$h1618
=CAT  \\$aBATCH-UPD$b00$c20200522$lBLL01$h1428
=CAT  \\$aIPL-CLA$c20200701$lBLL01$h0100
=CAT  \\$aBATCH-UPD$b00$c20210226$lBLL01$h1011
=CAT  \\$aIPL-CLA$c20210331$lBLL01$h1701
=CAT  \\$aBATCH-UPD$b00$c20210707$lBLL01$h1535
=CAT  \\$aIPL-CLA$c20210707$lBLL01$h1843
=CAT  \\$a11313$b40$c20220210$lBLL01$h1245
=CAT  \\$aBATCH-UPD$b40$c20220520$lBLL01$h1607
=CAT  \\$aIPL-CLA$c20220630$lBLL01$h1712
=CAT  \\$aBATCH-UPD$b00$c20220824$lBLL01$h0838
=CAT  \\$aIPL-CLA$c20220930$lBLL01$h1600
=CFI  0\$aCurrent copyright fee: GBP16.67$c111\0$e01-oct-2022$fGBP16.67$g0$hP$5Uk
=CFI  2\$aPrevious copyright fee: GBP16.00$c111\0$e01-jul-2022$fGBP16.00$g0$hP$5Uk
=FFP  \\$aY$bBLDSS-3PM
=STA  \\$aSUPPRESSED$bISSN
=TCO  \\$aCLA$bCLA$c008
=TOC  \\$aETOC
=UNO  \\$aY
=ACF  \\$aPrevious copyright fee: GBP12.90$c111\0$e08-may-2015$fGBP12.90$g0$hP$5Uk
=ACF  \\$aPrevious copyright fee: GBP13.33$c111\0$e01-jul-2015$fGBP13.33$g0$hP$5Uk
=ACF  \\$aPrevious copyright fee: GBP12.90$c111\0$e01-oct-2015$fGBP12.90$g0$hP$5Uk
=ACF  \\$aPrevious copyright fee: GBP13.79$c111\0$e01-apr-2016$fGBP13.79$g0$hP$5Uk
=ACF  \\$aPrevious copyright fee: GBP14.81$c111\0$e01-oct-2016$fGBP14.81$g0$hP$5Uk
=ACF  \\$aPrevious copyright fee: GBP16.00$c111\0$e01-apr-2017$fGBP16.00$g0$hP$5Uk
=ACF  \\$aPrevious copyright fee: GBP15.38$c111\0$e01-oct-2017$fGBP15.38$g0$hP$5Uk
=ACF  \\$aPrevious copyright fee: GBP14.29$c111\0$e01-apr-2018$fGBP14.29$g0$hP$5Uk
=ACF  \\$aPrevious copyright fee: GBP15.38$c111\0$e01-oct-2018$fGBP15.38$g0$hP$5Uk
=ACF  \\$aPrevious copyright fee: GBP16.00$c111\0$e01-oct-2019$fGBP16.00$g0$hP$5Uk
=ACF  \\$aPrevious copyright fee: GBP15.38$c111\0$e01-apr-2020$fGBP15.38$g0$hP$5Uk
=ACF  \\$aPrevious copyright fee: GBP16.00$c111\0$e01-jul-2020$fGBP16.00$g0$hP$5Uk
=ACF  \\$aPrevious copyright fee: GBP14.81$c111\0$e01-apr-2021$fGBP14.81$g0$hP$5Uk
=ACF  \\$aPrevious copyright fee: GBP14.29$c111\0$e07-jul-2021$fGBP14.29$g0$hP$5Uk
=LAS  \\$aIPL-CLA$b00$c20220930$lBLL01$h1600

