=LDR  02329 as a22006018a 4500
=001  014923893
=003  Uk
=005  20200304134752.0
=007  ta
=008  090306c20109999enkqr\p\\\\\\\0\\\a0eng\\
=FMT  \\$a  SE
=022  0\$a2040-4549$202
=040  \\$aUk$beng$cUk
=042  \\$axissnuk
=222  \0$aInternational journal of physiotherapy and life physics$b(Print)
=245  00$aInternational journal of physiotherapy and life physics (Print).
=260  \\$aOlney :$bInderscience Publishers
=263  \\$a201009
=310  \\$aQuarterly
=336  \\$atext$2rdacontent
=337  \\$aunmediated$2rdamedia
=338  \\$avolume$2rdacarrier
=540  \\$aCurrent copyright fee: GBP28.00$c48\0$5Uk
=776  0\$tInternational journal of physiotherapy and life physics$c(Online)$x2040-4557
=856  \\$31850-9999$uhttp://www.inderscience.com/$xBLDSS
=945  \\$aInternational journal of physiotherapy and life physics.
=979  \\$aBritish Library$bDSC$j4542.467130N
=985  \\$aISSN suppressed 04/03/20. Not published.
=985  \\$aPlease do not merge this record
=CAT  \\$a10806$b40$c20090306$lBLL01$h1310
=CAT  \\$aBATCH-CLA$b00$c20101115$lBLL01$h1607
=CAT  \\$aIPL-CLA$c20101231$lBLL01$h1527
=CAT  \\$aBATCH-CLA$b00$c20110228$lBLL01$h1540
=CAT  \\$a5552$b40$c20110310$lBLL01$h1539
=CAT  \\$aBATCH-UPD$b40$c20110518$lBLL01$h0954
=CAT  \\$aIPL-CLA$c20110630$lBLL01$h1549
=CAT  \\$aBATCH-CLA$b00$c20121109$lBLL01$h1721
=CAT  \\$aBLDSS-3PM$b00$c20141016$lBLL01$h1329
=CAT  \\$aBATCH-UPD$b00$c20160413$lBLL01$h1823
=CAT  \\$aBATCH-UPD$b00$c20160524$lBLL01$h2247
=CAT  \\$aBATCH-UPD$b00$c20160525$lBLL01$h0522
=CAT  \\$a5552$b40$c20170504$lBLL01$h1200
=CAT  \\$a5410$b40$c20170511$lBLL01$h1304
=CAT  \\$a10806$b40$c20200304$lBLL01$h1347
=CFI  0\$aCurrent copyright fee: GBP28.00$c48\0$e01-jul-2011$fGBP28.00$g0$hP$5Uk
=CFI  2\$aPrevious copyright fee: GBP20.00$c48\0$e10-mar-2011$fGBP20.00$g0$hP$5Uk
=FFP  \\$aY$bBLDSS-3PM
=LET  \0$aInternational journal of physiotherapy and life physics (Print)
=STA  \\$aSUPPRESSED$bISSN
=TCO  \\$aCLA$bCLA$c008
=UNO  \\$aY
=ACF  \\$aCurrent Copyright Fee: GBP20.00$c0$e01-jan-2011$fGBP20.00$g0$hC$5Uk
=LAS  \\$a10806$b40$c20200304$lBLL01$h1347

